@phdthesis{sousa1988,
	author = {Gary Donn Sousa},
	title = {Musical conducting emblems: an investigation of the use of specific conducting gestures by instrumental conductors and their interpretation by instrumental performers},
	institution = {The Ohio State University},
	year = {1988},
}
